@online{apple,
url ="https://www.apple.com/"
}
@online{modelsiteapple,
url ="https://support.apple.com/en-hk/HT201165/"
}
@online{modelupgradeapple,
url ="https://support.apple.com/en-hk/HT201165"
}

@online{intelprodet,
url ="https://ark.intel.com/products/53470/Intel-Core-i7-2675QM-Processor-6M-Cache-up-to-3_10-GHz"
}

@online{intelprodet2760,
url ="http://ark.intel.com/products/53474/Intel-Core-i7-2760QM-Processor-6M-Cache-up-to-3_50-GHz"
}

@online{everymacdet,
url ="http://www.everymac.com/systems/apple/macbook_pro/specs/macbook-pro-core-i7-2.2-15-late-2011-unibody-thunderbolt-specs.html"
}

@online{macrumorbuyram,
url ="http://guides.macrumors.com/Buying_RAM"
}
@online{hardwaresec,
url ="http://www.hardwaresecrets.com/understanding-ram-timings/"
}

@online{cnet16gb,
url ="https://www.cnet.com/news/add-16gb-ram-to-your-macbook-pro/"
}

@online{everymacramupgrade,
url ="http://www.everymac.com/systems/apple/macbook_pro/macbook-pro-unibody-faq/macbook-pro-13-15-17-mid-2009-how-to-upgrade-ram-memory.html"
}

@online{macsalesramlist,
url ="https://eshop.macsales.com/upgrades/macbook-pro-15-inch-late-2011-2.2-ghz/Memory?&sort.price=desc"
}


@online{applestackexramup,
url ="https://apple.stackexchange.com/questions/156241/ram-upgrade-for-a-macbook-pro-late-2011"
}

@online{applestackexramsp,
url ="https://apple.stackexchange.com/questions/42101/can-i-use-16gb-ddr3-1600mhz-ram-in-an-early-macbook-pro-8-2"
}

@online{applestackexramsp2,
url ="https://apple.stackexchange.com/questions/73701/using-memory-with-a-higher-mhz-rating"
}


@online{owc,
url ="https://www.macsales.com/"
}
@online{macrumourspforum,
url ="https://forums.macrumors.com/threads/1600mhz-works-and-runs-at-1600-macbook-pro-2011.1133642/"
}

@online{suchromeram,
url = "https://superuser.com/questions/9004/does-opening-a-lot-of-tabs-in-google-chrome-cause-a-performance-issue"
}

@online{applediss,
url = "https://discussions.apple.com/thread/2807629?start=0&tstart=0"
}
@online{crucialramlist,
url = "http://www.crucial.com/usa/en/compatible-upgrade-for/Apple/macbook-pro-%2815-inch%2C-late-2011%29"
}

@online{crucial,
url="http://www.crucial.com"
}

@online{quoraddr,
url="https://www.quora.com/Can-you-change-ddr3-ram-for-ddr4-ram"
}

@online{suddr,
url="https://superuser.com/questions/950163/is-ddr4-ram-compatible-in-a-ddr3-ram-slot"
}

@online{wikimacpro,
url="https://en.wikipedia.org/wiki/MacBook_Pro"
}


@online{intelcoremoredet,
url="https://www.intel.com/content/dam/www/public/us/en/documents/datasheets/2nd-gen-core-mobile-ecc-datasheet-addendum.pdf"
}
@online{ocprocessorguide,
url="https://forums.overclockers.co.uk/threads/important-sandybridge-oc-info-voltages-oc-guide.18227652/"
}

@online{intelivybridgedet,
url="https://www.intel.com/content/dam/www/public/us/en/documents/platform-memory/ddr3l-1333-1600-sodimm-chief-river-validation-results.pdf"
}

@online{intelsandytypes,
url="http://ark.intel.com/products/codename/29900/Sandy-Bridge"
}

@online{intelivytypes,
url="https://ark.intel.com/products/codename/29902/Ivy-Bridge"
}
@online{macmemramlist,
url = "https://www.macmemory.com/collections/macbook-pro-memory-models-8-1-8-2-8-3"
}

@online{dciphone,
url = "http://www.dcfever.com/trading/search.php?keyword=iphone&token=qweppptwwtpry"
}
@online{dcmac,
url = "http://www.dcfever.com/trading/search.php?keyword=mac+pro&token=rrweqeqerprpqqt"
}
@online{carousellmac,
url = "https://carousell.com/search/products/?query=mac+pro"
}

@online{dc,
url = "http://www.dcfever.com/trading/"
}
@online{macsalesramin,
url="https://eshop.macsales.com/item/OWC/1333DDR3S16P/"
}

@online{memtest,
url="https://www.memtest86.com/download.htm"
}
@online{ifixitramdet,
url="https://www.ifixit.com/Store/Parts/PC3-10600-8-GB-RAM-Chip/IF111-041-1"
}

@online{macrumourramtest,
url="http://guides.macrumors.com/Testing_RAM"
}

@online{owcramvid,
url="https://eshop.macsales.com/installvideos/macbookpro_15_unibody_early11_mem/"
}

@online{youhdvid,
url="https://www.youtube.com/watch?v=AIgA03GOiUw&list=PLHv2SAUO_xBEE9aZNKHmjEm1KWZxzkrpu"
}
@online{youhdvid2,
url="https://www.youtube.com/watch?v=kPmYf1W_bps&feature=youtu.be"
}

@online{youramvid,
url="https://www.youtube.com/watch?v=xeK_HbjzXCk"
}

@online{ifixramreguide,
url="https://www.ifixit.com/Guide/MacBook+Pro+15-Inch+Unibody+Late+2011+RAM+Replacement/7529"
}

@online{ifixhdreguide,
url="https://www.ifixit.com/Guide/MacBook+Pro+15-Inch+Unibody+Late+2011+Hard+Drive+Replacement/7513"
}

@online{ifixphscd,
url = "https://www.ifixit.com/Store/Tools/Phillips-00-Screwdriver/IF145-006-3"
}
@online{ifixspud,
url = "https://www.ifixit.com/Store/Tools/Spudger/IF145-002-2"
}
@online{ifixtorscd,
url = "https://www.ifixit.com/Store/Tools/TR6-Torx-Security-Screwdriver/IF145-225-3"
}
@online{ifixallguides,
url="https://www.ifixit.com/Device/MacBook_Pro_15%22_Unibody_Late_2011"
}

@online{ifixlogicbdguide,
url="https://www.ifixit.com/Guide/MacBook+Pro+15-Inch+Unibody+Late+2011+Logic+Board+Replacement/7518"
}
@online{ifixheatsinkguide,
url="https://www.ifixit.com/Guide/MacBook+Pro+15-Inch+Unibody+Late+2011+Heat+Sink+Replacement/7515"
}

@online{owcmemrebate,
url="https://eshop.macsales.com/tech_center/support/rebates/memory.cfm"
}
@online{owcramreguide,
url = "https://eshop.macsales.com/installvideos/
macbookpro_15_unibody_early11_mem/"
}

@online{owcpry,
url = "https://eshop.macsales.com/item/NewerTech/TOOLIPOD/"
}
@online{macrumourpry,
url = "https://forums.macrumors.com/threads/nylon-pry-tool-necessary-for-upgrade.1274147/"
}
@online{owchdreguide,
url="https://eshop.macsales.com/installvideos/macbookpro_15_unibody_early11_hd/"
}
@online{owcalltools,
url="https://eshop.macsales.com/item/NewerTech/TOOLKIT14/"
}

@online{applestacksata,
url="https://apple.stackexchange.com/questions/73399/what-is-an-ssd-drives-negotiated-link-speed"
}

@online{tomshardsata,
url="http://www.tomshardware.co.uk/answers/id-1711511/link-speed-negotiated-link-speed.html"
}

@online{amazonharddiskdet,
url="https://www.amazon.com/Toshiba-MK5065GSXF-2-5-inch-Internal-Drive/dp/B00BT0L9RS/ref=sr_1_fkmr0_2?s=electronics&ie=UTF8&qid=1506242537&sr=1-2-fkmr0&keywords=-Toshiba+MK5065GSX"
}

@online{mcopsatabad,
url="http://www.mcetech.com/optibay/sata3to2.html"
}

@online{owcopsatabad,
url="http://blog.macsales.com/12410-apples-latest-2011-macbook-pro-refresh-using-sata-3-0-6gbs-drives"
}

@online{owcopsatabad2,
url="http://blog.macsales.com/10433-macbook-pro-2011-models-and-sata-3-0-6-0gbs-update-5272011"
}

@online{owcsataissues,
url="http://blog.macsales.com/11895-2011-macbook-pro-sata-problems-resolved"
}

@online{appleefiupdate,
url="https://support.apple.com/kb/DL1450?locale=en_US"
}

@online{tomshardsatadiff,
url="http://www.tomshardware.com/forum/291362-32-sataii-versu-sata"
}

@online{tomshardsatadiff2,
url="http://www.tomshardware.com/forum/280002-32-sata-sata-practical-difference"
}

@online{tomshardsataperf,
url="http://www.tomshardware.com/reviews/sata-6gbps-performance-sata-3gbps,3110-8.html"
}
@online{macrumoursssdreplaceguide,
url ="https://forums.macrumors.com/threads/mixed-drive-setup-ssd-hdd-in-macbook-pro.1347247/"
}

@online{appleforssdissue,
url="https://discussions.apple.com/thread/4701589?tstart=0"
}

@online{everymacreplaceguide,
url = "http://www.everymac.com/systems/apple/macbook_pro/macbook-pro-unibody-faq/how-to-replace-optical-drive-with-ssd-hard-drive-macbook-pro-unibody.html"
}

@online{owcsavebattery,
url="https://blog.macsales.com/13349-quick-tip-save-battery-by-spinning-down-hard-drive-sooner"
}

@online{applesthdnoisy,
url="https://apple.stackexchange.com/questions/3063/replacing-superdrive-with-secondary-storage"
}

@online{techadsshd,
url="http://www.techadvisor.co.uk/buying-advice/pc-upgrades/ssd-vs-sshd-3520515/"
}

@online{seagatesshd,
url="http://www.seagate.com/as/en/do-more/how-to-choose-between-hdd-storage-for-your-laptop-master-dm/"
}

@online{zdnetchromeram,
url="http://www.zdnet.com/article/make-google-chrome-faster-reduce-how-much-ram-it-uses-and-be-more-productive/"
}

@online{macrumourtoshiba,
url="https://forums.macrumors.com/threads/toshiba-mk5065gsxf-built-in-sms.1159756/"
}

@online{toshibaforum,
url="https://forum.toshiba.eu/showthread.php?80616-Toshiba-Hard-drive-MK2555GSXF-technical-information"
}

@online{toshibamotion1,
url="http://www.informatique.nl/515853/toshiba-mk5065gsx-500gb.html"
}

@online{toshibamotion2,
url="http://icecat.us/p/toshiba/mk5065gsx/internal-hard-drives-500GB+SATA+II+2.5-3956298.html"
}

@online{toshibamotion3,
url="https://fr.eetgroup.com/i/MK5065GSX-RFB-Toshiba-500GB-5400RPM-8MB-95MM-SATA"
}

@online{applestsmsop,
url="https://apple.stackexchange.com/questions/74493/macbook-ssd-replacement-sudden-motion-shock-sensor-in-optical-bay"
}

@online{applesthdop,
url="https://apple.stackexchange.com/questions/73357/is-installing-a-hdd-instead-of-superdrive-safe?noredirect=1&lq=1"
}

@online{remielhddop,
url="http://remiel.info/post/1601242301/making-the-leap-to-ssd-on-a-macbook"
}

@online{appledisisshdop,
url="https://discussions.apple.com/thread/3009933?tstart=0"
}

@online{ifixitisshdop,
url="https://www.ifixit.com/Answers/View/294062/Second+HDD+in+optical+bay+not+working+properly"
}

@online{ifixitisshdop2,
url="https://www.ifixit.com/Answers/View/309710/Second+HDD+in+Optical+Bay+keeps+shutting+off"
}

@online{owcdoubsup,
url="https://blog.macsales.com/19887-owc-data-doubler-adds-up-to-3-0tb-of-hard-drive-andor-ssd-flash-storage-to-apple-macbook-and-macbook-pro"
}

@online{owcdoubtools,
url="https://eshop.macsales.com/Descriptions/owctoolkitmhd.html"
}

@online{owcdoubbund,
url="https://eshop.macsales.com/Search/?Ntk=Primary&Ns=P_Price%7c0&Ne=5000&N=7854&Ntt=data+doubler"
}

@online{mcetechoptibay,
url="http://store.mcetech.com/Merchant2/merchant.mvc?Screen=PROD&Product_Code=OBSXGB-UNB&Category_Code=STORHDOPTIBAY"
}

@online{mcetechdriveen,
url="http://store.mcetech.com/Merchant2/merchant.mvc?Screen=PROD&Product_Code=OPTICALENC-UNB&Category_Code=STORHDOPTIBAY"
}

@online{applestbaydiss,
url="https://apple.stackexchange.com/questions/55671/are-generic-optical-bay-hard-drive-enclosures-for-macbook-pros-just-as-good-as"
}

@online{cnetbaydiss,
url="https://www.cnet.com/news/extending-macbook-pro-speed-and-capacity-with-dual-drive-upgrades/"
}

@online{macrumoursbaydiss,
url="https://forums.macrumors.com/threads/mce-optibay-alternative-cheap.680228/"
}

@online{amaznbay,
url="https://www.amazon.com/ZXUY-Unibody-Laptop-DVD-ROM-Replacement/product-reviews/B0058AH2US/ref=cm_cr_arp_d_hist_3?ie=UTF8&filterByStar=three_star&reviewerType=avp_only_reviews&pageNumber=1#reviews-filter-bar"
}

@online{toshibadet,
url="http://www.itautec.com.br/media/782414/spec-mk5065_2565gsxf-e01.pdf"
}

@online{owcddssdbun1,
url = "https://eshop.macsales.com/item/OWC/DDMBS6X240/"
}
@online{owcddssdbun2,
url = "https://eshop.macsales.com/item/OWC/DDMBS6E250/"
}

@online{suhdd79,
url = "https://superuser.com/questions/375543/will-a-7mm-ssd-fit-in-a-9-5mm-laptop-hdd-slot"
}
@online{codhorratings,
url = "https://blog.codinghorror.com/revisiting-solid-state-hard-drives/"
}

@online{tomshardratings,
url = "http://www.tomshardware.com/reviews/ssd-benchmark-review,3237-6.html"
}
@online{owchdsdrep,
url = "https://eshop.macsales.com/installvideos/macbookpro_15_unibody_early11_hd/"
}

@online{ifixithdsdrep,
url = "https://www.ifixit.com/Guide/MacBook+Pro+15-Inch+Unibody+Late+2011+Hard+Drive+Replacement/7513"
}

@online{ifixitopsdrep,
url = "https://www.ifixit.com/Guide/MacBook+Pro+15-Inch+Unibody+Late+2011+Optical+Drive+Replacement/7528"
}

@online{djttopsdrep,
url = "https://www.youtube.com/watch?v=bMHnAxvMCNQ"
}

@online{ifixitdualrep,
url = "https://www.ifixit.com/Guide/Installing+MacBook+Pro+15-Inch+Unibody+Late+2011+Dual+Hard+Drive/10986"
}

@online{youowcdualrep,
url = "https://www.youtube.com/watch?v=u6EHwg7SuDs"
}
@online{owcdualrep,
url = "https://eshop.macsales.com/installvideos/macbookpro_15_unibody_early11_dd/"
}

@online{appleadapter,
url = "https://www.apple.com/hk/shop/product/MB572Z/B/mini-displayport-to-vga-adapter"
}
@online{applekeymi,
url = "https://www.apple.com/hk/shop/mac/mac-accessories/mice-keyboards"
}

@online{ifixitdualdr,
url="https://www.ifixit.com/Store/Parts/Unibody-Laptop-Dual-Drive/IF107-080-3"
}

@online{turboframtest,
url="https://turbofuture.com/computers/5-Symptoms-of-a-RAM-Problem-and-How-to-Fix-It"
}

@online{macworldramtest,
url="https://www.macworld.com/article/2362040/do-you-have-bad-ram-how-to-find-it-and-how-to-fix-it.html"
}

@online{appleefiupdate2,
url="https://support.apple.com/en-hk/HT201518"
}

@online{machowtotest,
url="http://macintoshhowto.com/hardware/how-to-speed-up-your-mac-with-a-ssd-drive.html"
}

@online{itunesssdtest,
url="https://itunes.apple.com/us/app/id425264550?mt=12"
}

